@ARTICLE{ieee802.15.4,
	author={IEEE Computer Society},
	title={{IEEE Std. 802.15.4-2003}},
	month = oct,
	year = "2003"
}

@ARTICLE{eui64,
	author={IEEE},
	title={GUIDELINES FOR 64-BIT GLOBAL IDENTIFIER (EUI-64) REGISTRATION AUTHORITY},
}

@ARTICLE{rfc780,
	author={J. Postel},
	title={{User Datagram Protocol}},
	journal = {IETF, Internet RFC 768},
	month = aug,
	year = "1980"
}

@ARTICLE{rfc2460,
	author={S. Deering and R. Hinden},
	title={{I}nternet {P}rotocol, {V}ersion 6 ({IPv6}) {S}pecification},
	journal = {IETF, Internet RFC 2460},
	month = dec,
	year = "1998"
}

@ARTICLE{rfc2464,
	author={ M. Crawford},
	title={{Transmission of IPv6 Packets over Ethernet Networks}},
	journal = {IETF, Internet RFC 2464},
	month = "December",
	year = "1998"
}

@ARTICLE{rfc4443,
	author={A. Conta and S. Deering and M. Gupta},	
	title={{Internet Control Message Protocol (ICMPv6) for the Internet Protocol Version 6 (IPv6) Specification}},
	journal = {IETF, Internet RFC 4443},
	month = mar,
	year = "2006",
}

@ARTICLE{rfc4291,
	author={R. Hinden and S. Deering},
	title={{IP} {V}ersion 6 {A}ddressing {A}rchitecture},
	journal = {IETF, Internet RFC 4291},
	month = feb,
	year = "2006",
}

@ARTICLE{rfc4861,
	author={T. Narten and E. Nordmark and W. Simpson and H. Soliman},
	title={{Neighbor Discovery for IP version 6 (IPv6)}},
	month = sep,
	year = "2007",
	journal = {IETF, Internet RFC 4861},
}

@ARTICLE{rfc4862,
	author={S. Thomson and T. Narten and T. Jinmei},
	title={{IPv6 Stateless Address Autoconfiguration}},
	month = sep,
	year = "2007",
	journal = {IETF, Internet RFC 4862},
}

@ARTICLE{rfc4919,
	author={N. Kushalnagar and G. Montenegro and C. Schumacher},
	title={{IPv6 over Low-Power Wireless Personal Area Networks (6LoWPANs): Overview, Assumptions, Problem Statement, and Goals}},
	month = aug,
	year = "2007",
	journal = {IETF, Internet RFC 4919},
}

@ARTICLE{rfc4944,
	author={G. Montenegro and N. Kushalnagar and J. Hui and D. Culler},
	title={{T}ransmission of {IPv6} {P}ackets over {IEEE} 802.15.4 {N}etworks},
	month = sep,
	year = "2007",
	journal = {IETF, Internet RFC 4944},
}

@ARTICLE{draft-hc-06,
	author={J. Hui and P. Thubert},
	title={Compression {F}ormat for {IPv6} {D}atagrams in {6LoWPAN} {N}etworks},
	journal = {IETF, Internet-Draft draft-ietf-6lowpan-hc-06},
	month = "October",
	year = "2009"
}

@ARTICLE{draft-nd-06,
	author={Z. Shelby and P. Thubert and J. Hui and S. Chakrabarti and C. Bormann and E. Nordmark},
	title={{6LoWPAN Neighbor Discovery}},
	month = sep,
	year = "2009",
	journal = {IETF, Internet-Draft draft-ietf-6lowpan-nd-06}
}

@ARTICLE{draft-usecases-05,
	author={E. Kim and D. Kaspar and N. Chevrollier and JP. Vasseur},
	title={{Design and Application Spaces for 6LoWPANs}},
	month = nov,
	year = "2009",
	journal = {IETF, Internet-Draft draft-ietf-6lowpan-usecases-05}
}

