@ARTICLE{rfc4443,
	author={A. Conta and S. Deering and M. Gupta},	
	title={{Internet Control Message Protocol (ICMPv6) for the Internet Protocol Version 6 (IPv6) Specification}},
	journal = {IETF, Internet RFC 4443},
	month = mar,
	year = "2006",
}

@ARTICLE{rfc4861,
author={T. Narten and E. Nordmark and W. Simpson and H. Soliman},
title={{Neighbor Discovery for IP version 6 (IPv6)}},
month = sep,
year = "2007",
journal = {IETF, Internet RFC 4861},
}

@ARTICLE{draft-nd-06,
author={Z. Shelby and P. Thubert and J. Hui and S. Chakrabarti and C. Bormann and E. Nordmark},
title={{6LoWPAN Neighbor Discovery}},
month = sep,
year = "2009",
journal = {IETF, Internet-Draft draft-ietf-6lowpan-nd-06},
}

@Misc{rfc4944,
author={G. Montenegro and N. Kushalnagar and J. Hui and D. Culler},
title={{RFC 4944}: {T}ransmission of {IPv6} {P}ackets over {IEEE} 802.15.4 {N}etworks},
month = sep,
year = "2007",
note = "Status: PROPOSED STANDARD."
}

@Misc{rfc4291,
author={R. Hinden and S. Deering},
title={{RFC 4291}: {IP} {V}ersion 6 {A}ddressing {A}rchitecture},
month = feb,
year = "2006",
note = "Status: PROPOSED STANDARD."
}


@Misc{draft-hc-06,
author={J. Hui and P. Thubert},
title={Compression {F}ormat for {IPv6} {D}atagrams in {6LoWPAN} {N}etworks},
note = "Status: Internet-Draft",
month = "October",
year = "2009"
}


@Misc{rfc2460,
author={S. Deering and R. Hinden},
title={{I}nternet {P}rotocol, {V}ersion 6 ({IPv6}) {S}pecification},
journal = {RFC 2460},
month = "December",
year = "1998"
}




